<?xml version="1.0" encoding="UTF-8"?>
<collection xmlns:xsi="http://www.w3.org/2001/XMLSchema-instance" xsi:schemaLocation="http://www.loc.gov/MARC21/slim http://www.loc.gov/standards/marcxml/schema/MARC21slim.xsd" xmlns="http://www.loc.gov/MARC21/slim">
<record>
  <leader>00889cam a2200229 a 4500</leader>
  <controlfield tag="001">1627844</controlfield>
  <controlfield tag="003">NNC</controlfield>
  <controlfield tag="005">20130424175402.0</controlfield>
  <controlfield tag="008">890911s1906    ua            000 0 ara d</controlfield>
  <datafield tag="035" ind1=" " ind2=" ">
    <subfield code="a">(OCoLC)ocm24551478</subfield>
  </datafield>
  <datafield tag="035" ind1=" " ind2=" ">
    <subfield code="9">AKN7223CU</subfield>
  </datafield>
  <datafield tag="035" ind1=" " ind2=" ">
    <subfield code="a">(NNC)1627844</subfield>
  </datafield>
  <datafield tag="040" ind1=" " ind2=" ">
    <subfield code="a">NYP</subfield>
    <subfield code="c">NYP</subfield>
    <subfield code="d">CUS</subfield>
    <subfield code="d">ZCU</subfield>
  </datafield>
  <datafield tag="043" ind1=" " ind2=" ">
    <subfield code="a">e-sp---</subfield>
  </datafield>
  <datafield tag="100" ind1="0" ind2=" ">
    <subfield code="a">ʻAbd al-Wāḥid al-Marrākushī,</subfield>
    <subfield code="d">1185-</subfield>
  </datafield>
  <datafield tag="245" ind1="1" ind2="0">
    <subfield code="a">Tārīkh al-Andalus al-musammá bi-al-muʻjib fi talkhīṣ akhbār al-Maghrib /</subfield>
    <subfield code="c">taʾlif Muḥyī al-Dīn Abī Muḥammad ʻAbd al-Wāḥid ibn ʻAlī al-Tamīmī al-Marrākushī.</subfield>
  </datafield>
  <datafield tag="260" ind1=" " ind2=" ">
    <subfield code="a">Miṣr :</subfield>
    <subfield code="b">Ṭubiʻa 'alá dhimmat Muṣṭafá Fahmī al-Kutubī,</subfield>
    <subfield code="c">1906</subfield>
    <subfield code="e">(Miṣr :</subfield>
    <subfield code="f">Maṭbaʻat al-Saʻādah)</subfield>
  </datafield>
  <datafield tag="300" ind1=" " ind2=" ">
    <subfield code="a">253 p. ;</subfield>
    <subfield code="c">24 cm.</subfield>
  </datafield>
  <datafield tag="500" ind1=" " ind2=" ">
    <subfield code="a">In Arabic.</subfield>
  </datafield>
  <datafield tag="651" ind1=" " ind2="0">
    <subfield code="a">Spain</subfield>
    <subfield code="x">History</subfield>
    <subfield code="y">711-1516.</subfield>
  </datafield>
  <datafield tag="740" ind1="0" ind2="1">
    <subfield code="a">Muʻjib fī talkhīṣ akhbār al-Maghrib.</subfield>
  </datafield>
  <datafield tag="955" ind1=" " ind2=" ">
    <subfield code="b">1002368048</subfield>
    <subfield code="d">off,glx</subfield>
    <subfield code="e">DP114 .A6 1906</subfield>
  </datafield>
</record>
</collection>